
% Encoding: UTF8

@miscc{Guo2021,
  author      = {郭靜},
  title       = {基於生成對抗網路之旁人影像分割與修補},
  year        = {2021},
  note        = {國立臺北科技大學資訊工程系碩士班碩士論文},
  keywords    = {chinese}
}

@article{test,
  author    = {LeCun, Yann and Bottou, L{\'e}on and Bengio, Yoshua and Haffner, Patrick},
  title     = {Gradient-Based Learning Applied to Document Recognition},
  journal   = {Proceedings of the IEEE},
  volume    = {86},
  number    = {11},
  pages     = {2278--2324},
  year      = {1998},
  publisher = {IEEE},
  keywords  = {english}
}

@inproceedings{test1,
  author      = {Cheng, Tianheng and Song, Lin and Ge, Yixiao and Liu, Wenyu and Wang, Xinggang and Shan, Ying},
  title       = {YOLO-World: Real-Time Open-Vocabulary Object Detection},
  booktitle   = {Proceedings of the IEEE/CVF Conference on Computer Vision and Pattern Recognition},
  pages       = {16901--16911},
  year        = {2024},
  keywords    = {english}
}

@online{test2,
  author    = {Andrew Brock and Jeff Donahue and Karen Simonyan},
  title     = {Large Scale GAN Training for High Fidelity Natural Image Synthesis},
  year      = {2019},
  url       = {https://arxiv.org/abs/1809.11096},
  note      = {(accessed: July 2025)},
  keywords  = {english}
}

@online{test3,
  author    = {{TencentAILab-CVC}},
  title     = {YOLO-World Performance Comparison Diagram},
  year      = {2024},
  url       = {https://wondervictor.github.io/images/speed_acc.png},
  note      = {(accessed: July 2025). Licensed under CC BY-SA 4.0},
  keywords  = {english}
}